@book{soanes_hawker_2013, place={Oxford}, title={Compact Oxford English Dictionary of current English}, publisher={Oxford University Press}, author={Soanes, Catherine and Hawker, Sara}, year={2013}}
 
@software{bourke_2002, url={http://paulbourke.net/fractals/mandelbrot/}, journal={The Mandelbrot at a glance}, author={Bourke, Paul}, year={2002}, month={Nov}}
 
@software{slijkerman_2022, title={Ultra Fractal: Advanced Fractal Software for windows and macos}, url={https://www.ultrafractal.com/}, journal={Ultra Fractal: Advanced Fractal Software for Windows and macOS}, author={Slijkerman, Frederik}, year={2022}, month={Jul}}

 @software{developers_davis, title={Pencilcaseman/cinderbox: A modified version of cinder with extra libraries for improved functionality}, url={https://github.com/Pencilcaseman/cinderbox}, journal={GitHub}, author={Developers, Cinder and Davis, Toby}} This is a fork of the original Cinder project, with a few alterations made to improve functionality in some areas.
 
 @software{Davis_LibRapid_Optimised_Mathematics_2023,
 	author = {Davis, Toby},
 	license = {MIT},
 	month = {1},
 	title = {{LibRapid: Optimised Mathematics for C++}},
 	url = {https://github.com/LibRapid/librapid},
 	version = {0.6.4},
 	year = {2023}
 }

@software{eck, url={https://math.hws.edu/eck/index.html}, journal={David J. Eck}, author={Eck, David J}}

@software{xaos.js, url={https://xaos-project.github.io/XaoSjs/}, journal={Xaos.js}, publisher={Fractal Foundation}}

@software{fractalfoundation, title={Fractal software}, url={https://fractalfoundation.org/resources/fractal-software/}, journal={Fractal Foundation}}

@software{Lohmann_JSON_for_Modern_2022,
	author = {Lohmann, Niels},
	license = {MIT},
	month = {8},
	title = {{JSON for Modern C++}},
	url = {https://github.com/nlohmann},
	version = {3.11.2},
	year = {2022}
}

@article{Shoshany_A_C_17_Thread_2021,
	author = {Shoshany, Barak},
	doi = {10.5281/zenodo.4742687},
	journal = {arXiv},
	month = {5},
	title = {{A C++17 Thread Pool for High-Performance Scientific Computing}},
	url = {https://arxiv.org/abs/2105.00613},
	year = {2021}
}

